% Bibliography for Apocalypse Now Analysis
% Using Biber/BibLaTeX format

% Example film citation
@misc{apocalypse_now,
  title = {Apocalypse Now},
  author = {Coppola, Francis Ford},
  year = {1979},
  type = {Motion Picture},
  publisher = {United Artists},
  location = {United States}
}

% Example book citation
@book{conrad_heart_darkness,
  author = {Conrad, Joseph},
  title = {Heart of Darkness},
  year = {1899},
  publisher = {Blackwood's Magazine},
  location = {Edinburgh}
}

% Add your references here
